@article{katsaros1977heat,
  title={Heat thermal structure in the interfacial boundary layer measured in an open tank of water in turbulent free convection},
  author={Katsaros, Kristina B and Liu, W Timothy and Businger, Joost A and Tillman, James E},
  journal={Journal of Fluid Mechanics},
  volume={83},
  number={2},
  pages={311--335},
  year={1977},
  publisher={Cambridge University Press}
}

@article{spangenberg1961convective,
  title={Convective circulation in water induced by evaporative cooling},
  author={Spangenberg, WG and Rowland, WR},
  journal={The Physics of Fluids},
  volume={4},
  number={6},
  pages={743--750},
  year={1961},
  publisher={American Institute of Physics}
}